@ARTICLE{Abe1998,
AUTHOR="{K. Abe \emph{et al.}, E143 Collaboration}",
TITLE="{Measurements of the Proton and Deuteron Spin Structure Functions $g_1$ and $g_2$}",
JOURNAL="Phys. Rev. D",
YEAR="1998",
VOLUME="58",
PAGES="112003"
}

@ARTICLE{Adams1997,
AUTHOR="{D. Adams \emph{et al.}}",
TITLE="{Spin Structure of the Proton from Polarized Inclusive Deep-Inelastic Muon-Proton Scattering}",
JOURNAL="Phys. Rev. D",
YEAR="1997",
VOLUME="56",
PAGES="5330"
}

@ARTICLE{Afanasev2001,
AUTHOR="A. Afanasev and I. Akushevich and N. Merenkov",
TITLE="{Model Independent Radiative Corrections in Processes of Polarized Electron-Nucleon Elastic Scattering}",
JOURNAL="Phys. Rev. D",
YEAR="2001",
VOLUME="64",
PAGES="113009"
}

@ARTICLE{Ahrens2001,
AUTHOR="{J. Ahrens \emph{et al.}, GDH and A2 Collaborations}",
TITLE="{First Measurement of the Gerasimov-Drell-Hearn Integral for ${}^1$H from 200 to 800 MeV}",
JOURNAL="Phys. Rev. Lett.",
YEAR="2001",
VOLUME="87",
PAGES="022003"
}

@ARTICLE{Akushevich1997,
AUTHOR="{I. Akushevich \emph{et al.}}",
TITLE="{POLRAD 2.0. FORTRAN Code for the Radiative Corrections Calculation to Deep Inelastic Scattering of Polarized Particles}",
JOURNAL="Comput. Phys. Commun.",
YEAR="1997",
VOLUME="104",
PAGES="201"
}

@ARTICLE{Alcorn2004,
AUTHOR="{J. Alcorn \emph{et al.}}",
TITLE="{Basic Instrumentation for Hall A at Jefferson Lab}",
JOURNAL="Nucl. Instr. Meth. Phys. Res. A",
YEAR="2004",
VOLUME="522",
PAGES="294"
}

@ARTICLE{Alguard1978,
AUTHOR="{M. J. Alguard \emph{et al.}}",
TITLE="{Deep-Inelastic $e$-$p$ Asymmetry Measurements and Comparison with the Bjorken Sum Rule and Models of Proton Spin Structure}",
JOURNAL="Phys. Rev. Lett.",
YEAR="1983",
VOLUME="51",
PAGES="1135"
}

@ARTICLE{Altarelli1977,
AUTHOR="G. Altarelli and G. Parisi",
TITLE="{Asymptotic Freedom in Parton Language}",
JOURNAL="Nucl. Phys. B",
YEAR="1977",
VOLUME="126",
PAGES="298"
}

@ARTICLE{Amarian2002,
AUTHOR="{M. Amarian \emph{et al.}, E94010 Collaboration}",
TITLE="{$Q^2$ Evolution of the Generalized Gerasimov-Drell-Hearn Integral for the Neutron using a ${}^3$He Target}",
JOURNAL="Phys. Rev. Lett.",
YEAR="2002",
VOLUME="89",
PAGES="242301"
}

@ARTICLE{Amarian2004a,
AUTHOR="{M. Amarian \emph{et al.}, E94010 Collaboration}",
TITLE="{$Q^2$ Evolution of the Neutron Spin Structure Moments using a ${}^3$He Target}",
JOURNAL="Phys. Rev. Lett.",
YEAR="2004",
VOLUME="92",
PAGES="022301"
}

@ARTICLE{Amarian2004b,
AUTHOR="{M. Amarian \emph{et al.}, E94010 Collaboration}",
TITLE="{Measurement of the Generalized Forward Spin Polarizabilities of the Neutron}",
JOURNAL="Phys. Rev. Lett.",
YEAR="2004",
VOLUME="93",
PAGES="152301"
}

@ARTICLE{Anselmino1995,
AUTHOR="M. Anselmino and A. Efremov and E. Leader",
TITLE="{The Theory and Phenomenology of Polarized Deep Inelastic Scattering}",
JOURNAL="Phys. Rep.",
YEAR="1995",
VOLUME="261",
PAGES="1"
}

@ARTICLE{Anthony1996,
AUTHOR="{P. L. Anthony \emph{et al.}}",
TITLE="{Deep Inelastic Scattering of Polarized Electrons by Polarized ${}^3$He and the Study of the Neutron Spin Structure}",
JOURNAL="Phys. Rev. D",
YEAR="1996",
VOLUME="54",
PAGES="6620"
}

@ARTICLE{Anthony2000,
AUTHOR="{P. L. Anthony \emph{et al.}, E155 Collaboration}",
TITLE="{Measurements of the $Q^2$-Dependence of the Proton and Neutron Spin Structure Functions $g_1^p$ and $g_1^n$}",
JOURNAL="Phys. Lett. B",
YEAR="2000",
VOLUME="493",
PAGES="19"
}

@ARTICLE{Anthony2003,
AUTHOR="{P. L. Anthony \emph{et al.}, E155x Collaboration}",
TITLE="{Precision Measurement of the Proton and Deuteron Spin Structure Functions $g_2$ and Asymmetries $A_2$}",
JOURNAL="Phys. Lett. B",
YEAR="2003",
VOLUME="553",
PAGES="18"
}

@ARTICLE{Ashman1988,
AUTHOR="{J. Ashman \emph{et al.}, EMC}",
TITLE="{A Measurement of the Spin Asymmetry and Determination of the Structure Function $g_1$ in Deep Inelastic Muon-Proton Scattering}",
JOURNAL="Phys. Lett. B",
YEAR="1988",
VOLUME="206",
PAGES="364"
}

@MANUAL{Badman2013,
AUTHOR="T. Badman",
TITLE="{Proton Polarization Studies and Uncertainty Analysis for E08-027}",
YEAR="2013",
ORGANIZATION="{E08-027 Technical Note, Jefferson Lab}"
}

@ARTICLE{Baldin1960,
AUTHOR="A. M. Baldin",
TITLE="{Polarizability of Nucleons}",
JOURNAL="Nucl. Phys.",
YEAR="1960",
VOLUME="18",
PAGES="310"
}

@BOOK{Barone2003,
AUTHOR="V. Barone and P. G. Ratcliffe",
TITLE="{Transverse Spin Physics}",
YEAR="2003",
PUBLISHER="World Scientific, Singapore"
}

@ARTICLE{Barry1991,
AUTHOR="W. Barry",
TITLE="{A General Analysis of Thin Wire Pickups for High Frequency Beam Position Monitors}",
JOURNAL="Nucl. Instr. Meth. Phys. Res. A",
YEAR="1991",
VOLUME="301",
PAGES="407"
}

@MISC{BEAMENERGY,
HOWPUBLISHED="\url{http://hallaweb.jlab.org/equipment/beam/absol_beam.html}"
}

@ARTICLE{Becher1999,
AUTHOR="T. Becher and H. Leutwyler",
TITLE="{Baryon Chiral Perturbation Theory in Manifestly Lorentz Invariant Form}",
JOURNAL="Eur. Phys. J. C",
YEAR="1999",
VOLUME="9",
PAGES="643"
}

@ARTICLE{Bernard1992,
AUTHOR="V. Bernard and N. Kaiser and J. Kambor and U. G. Meissner",
TITLE="{Chiral Structure of the Nucleon}",
JOURNAL="Nucl. Phys. B",
YEAR="1992",
VOLUME="388",
PAGES="315"
}

@ARTICLE{Bernard1993,
AUTHOR="V. Bernard and N. Kaiser and U. G. Meissner",
TITLE="{Small Momentum Evolution of the Extended Drell-Hearn-Gerasimov Sum Rule}",
JOURNAL="Phys. Rev. D",
YEAR="1993",
VOLUME="48",
PAGES="3062"
}

@ARTICLE{Bernard2002,
AUTHOR="V. Bernard and T. R. Hemmert and U. G. Meissner",
TITLE="{Novel Analysis of Chiral Loop Effects in the Generalized Gerasimov–Drell–Hearn Sum Rule}",
JOURNAL="Phys. Lett. B",
YEAR="2002",
VOLUME="545",
PAGES="105"
}

@ARTICLE{Bernard2003,
AUTHOR="V. Bernard and T. R. Hemmert and U. G. Meissner",
TITLE="{Spin Structure of the Nucleon at Low Energies}",
JOURNAL="Phys. Rev. D",
YEAR="2003",
VOLUME="67",
PAGES="076008"
}

@ARTICLE{Bernard2013,
AUTHOR="V. Bernard and E. Epelbaum and H. Krebs and U. G. Meissner",
TITLE="{New Insights into the Spin Structure of the Nucleon}",
JOURNAL="Phys. Rev. D",
YEAR="2013",
VOLUME="87",
PAGES="054032"
}

@INPROCEEDINGS{Bevins2005,
AUTHOR="M. Bevins",
TITLE="{Mechanical and Thermal Design of the CEBAF Hall A Beam Calorimeter}",
BOOKTITLE="{Proceedings of the 2005 Particle Accelerator Conference}",
YEAR="2005",
PAGES="3819"
}

@ARTICLE{Bjorken1966,
AUTHOR="J. D. Bjorken",
TITLE="{Applications of the Chiral $U(6)\otimesU(6)$ Algebra of Current Densities}",
JOURNAL="Phys. Rev.",
YEAR="1966",
VOLUME="148",
PAGES="1467"
}

@ARTICLE{Bjorken1969,
AUTHOR="J. D. Bjorken and E. A. Paschos",
TITLE="{Inelastic Electron-Proton and $\gamma$-Proton Scattering and the Structure of the Nucleon}",
JOURNAL="Phys. Rev.",
YEAR="1969",
VOLUME="185",
PAGES="1975"
}

@ARTICLE{Bjorken1970,
AUTHOR="J. D. Bjorken",
TITLE="{Inelastic Scattering of Polarized Leptons from Polarized Nucleons}",
JOURNAL="Phys. Rev. D",
YEAR="1970",
VOLUME="1",
PAGES="1376"
}

@ARTICLE{Bosted2008,
AUTHOR="P. E. Bosted and M. E. Christy",
TITLE="{Empirical Fit to Inelastic Electron-Deuteron and Electron-Neutron Resonance Region Transverse Cross Sections}",
JOURNAL="Phys. Rev. C",
YEAR="2008",
VOLUME="77",
PAGES="065206"
}

@ARTICLE{Breidenbach1969,
AUTHOR="{M. Breidenbach, J. I. Friedman, H. W. Kendall and \emph {et al.}}",
TITLE="{Observed Behavior of Highly Inelastic Electron-Proton Scattering}",
JOURNAL="Phys. Rev. Lett.",
YEAR="1969",
VOLUME="23",
PAGES="935"
}

@ARTICLE{Burkhardt1970,
AUTHOR="H. Burkhardt and W. N. Cottingham",
TITLE="{Sum Rules for Forward Virtual Compton Scattering}",
JOURNAL="Ann. Phys.",
YEAR="1970",
VOLUME="563",
PAGES="453"
}

@ARTICLE{Callan1969,
AUTHOR="{C. G. Callan, Jr. and D. J. Gross}",
TITLE="{High-Energy Electroproduction and the Constitution of the Electric Current}",
JOURNAL="Phys. Rev. Lett.",
YEAR="1969",
VOLUME="22",
PAGES="156"
}

@MISC{CALORIMETERLEDEX,
HOWPUBLISHED="\url{http://hallaweb.jlab.org/experiment/LEDEX/camsonne/webpage_calorimeter/page_principale.html}"
}

@ARTICLE{Chen2004,
AUTHOR="J. P. Chen and A. Deur and Z. E. Meziani",
TITLE="{Sum Rules and Moments of the Nucleon Spin Structure Functions}",
JOURNAL="Mod. Phys. Lett. A",
YEAR="2005",
VOLUME="20",
PAGES="2745"
}

@ARTICLE{Chen2010,
AUTHOR="J. P. Chen",
TITLE="{Moments of Spin Structure Functions: Sum Rules and Polarizabilities}",
JOURNAL="Int. J. Mod. Phys. E",
YEAR="2010",
VOLUME="19",
PAGES="1893"
}

@ARTICLE{Crabb1997,
AUTHOR="D. G. Crabb and W. Meyer",
TITLE="{Solid Polarized Targets for Nuclear and Particle Physics Experiments}",
JOURNAL="Annu. Rev. Nucl. Part. Sci.",
YEAR="1997",
VOLUME="47",
PAGES="67"
}

@MANUAL{Cummings2013,
AUTHOR="M. Cummings",
TITLE="{Efficiency Studies and PID Cut Optimization for E08-027}",
YEAR="2013",
ORGANIZATION="{E08-027 Technical Note, Jefferson Lab}"
}

@MANUAL{Cummings2015,
AUTHOR="M. Cummings",
TITLE="{Packing Fraction Analysis for E08-027}",
YEAR="2015",
ORGANIZATION="{E08-027 Technical Note, Jefferson Lab}"
}

@INPROCEEDINGS{Denard2001,
AUTHOR="J. C. Denard and A. Saha and G. Laveissiere",
TITLE="{High Accuracy Beam Current Monitor System for CEBAF'S Experimental Hall A}",
BOOKTITLE="{Proceedings of the 2001 Particle Accelerator Conference}",
YEAR="2001",
PAGES="2326"
}

@ARTICLE{Deur2004,
AUTHOR="{A. Deur \emph{et al.}}",
TITLE="{Experimental Determination of the Evolution of the Bjorken Integral at Low $Q^2$}",
JOURNAL="Phys. Rev. Lett.",
YEAR="2004",
VOLUME="93",
PAGES="212001"
}

@ARTICLE{Dharmawardane2004,
AUTHOR="{K. V. Dharmawardane \emph{et al.}}",
TITLE="{Measurement of the $x$- and $Q^2$-Dependence of the Asymmetry $A_1$ on the Nucleon}",
JOURNAL="Phys. Rev. B",
YEAR="2006",
VOLUME="641",
PAGES="11"
}

@ARTICLE{Dokshitzer1977,
AUTHOR="Y. L. Dokshitzer",
TITLE="{Calculation of Structure Functions of Deep-Inelastic Scattering and e+e- Annihilation by Perturbation Theory in Quantum Chromodynamics}",
JOURNAL="Sov. Phys. JETP",
YEAR="1977",
VOLUME="46",
PAGES="641"
}

@ARTICLE{Drechsel2001,
AUTHOR="D. Drechsel and S. S. Kamalov and L. Tiator",
TITLE="{Gerasimov-Drell-Hearn Sum Rule and Related Integrals}",
JOURNAL="Phys. Rev. D",
YEAR="2001",
VOLUME="63",
PAGES="114010"
}

@ARTICLE{Drechsel2003,
AUTHOR="D. Drechsel and B. Pasquini and M. Vanderhaeghen",
TITLE="{Dispersion Relations in Real and Virtual Compton Scattering}",
JOURNAL="Phys. Rept.",
YEAR="2003",
VOLUME="378",
PAGES="99"
}

@ARTICLE{Drechsel2004,
AUTHOR="D. Drechsel and L. Tiator",
TITLE="{The Gerasimov-Drell-Hearn Sum Rule and the Spin Structure of the Nucleon}",
JOURNAL="Annu. Rev. Nucl. Part. Sci.",
YEAR="2004",
VOLUME="54",
PAGES="69"
}

@ARTICLE{Drechsel2007,
AUTHOR="D. Drechsel and S. S. Kamalov and L. Tiator",
TITLE="{Unitary Isobar Model - MAID2007}",
JOURNAL="Eur. Phys. J. A",
YEAR="2007",
VOLUME="34",
PAGES="69"
}

@ARTICLE{Drell1966,
AUTHOR="S. D. Drell and A. C. Hearn",
TITLE="{Exact Sum Rule for Nucleon Magnetic Moments}",
JOURNAL="Phys. Rev. Lett.",
YEAR="1966",
VOLUME="16",
PAGES="908"
}

@ARTICLE{Dutz2003,
AUTHOR="{H. Dutz \emph{et al.}, GDH Collaboration}",
TITLE="{First Measurement of the Gerasimov-Drell-Hearn Sum Rule for ${}^1$H from 0.7 to 1.8 GeV at ELSA}",
JOURNAL="Phys. Rev. Lett.",
YEAR="2003",
VOLUME="91",
PAGES="192001"
}

@ARTICLE{Ellis2003,
AUTHOR="P. J. Ellis and H. B. Tan",
TITLE="{Pion-Nucleon Scattering in a New Approach to Chiral Perturbation Theory}",
JOURNAL="Phys. Rev. C",
YEAR="1998",
VOLUME="57",
PAGES="3356"
}

@MISC{ESPACE,
TITLE="{ESPACE User's Guide}",
HOWPUBLISHED="\url{http://hallaweb.jlab.org/espace/docs.html}"
}

@ARTICLE{Fatemi2003,
AUTHOR="{R. Fatemi \emph{et al.}, CLAS Collaboration}",
TITLE="{Measurement of the Proton Spin Structure Function $g_1(x,Q^2)$ for $Q^2$ from 0.15 to 1.6 GeV${}^2$ with CLAS}",
JOURNAL="Phys. Rev. Lett.",
YEAR="2003",
VOLUME="91",
PAGES="222002"
}

@ARTICLE{Faustov2002,
AUTHOR="R. N. Faustov and A. P. Martynenko",
TITLE="{Proton Polarizability Contribution to Hydrogen Hyperfine Splitting}",
JOURNAL="Eur. Phys. J. C",
YEAR="2002",
VOLUME="24",
PAGES="281"
}

@ARTICLE{Feynman1969,
AUTHOR="R. P. Feynman",
TITLE="{Very High-Energy Collisions of Hadrons}",
JOURNAL="Phys. Rev. Lett.",
YEAR="1969",
VOLUME="23",
PAGES="1415"
}

@ARTICLE{Fissum2001,
AUTHOR="{K. G. Fissum \emph{et al.}}",
TITLE="{Vertical Drift Chambers for the Hall A High-Resolution Spectrometers at Jefferson Lab}",
JOURNAL="Nucl. Instr. Meth. Phys. Res. A",
YEAR="2001",
VOLUME="474",
PAGES="108"
}

@MANUAL{Flood2010,
AUTHOR="{R. Flood, S. Higgins and R. Suleiman}",
TITLE="{Helicity Control Board User's Guide}",
YEAR="2010",
ORGANIZATION="Jefferson Lab"
}

@MISC{G2P,
AUTHOR="{A. Camsonne, J. P. Chen, D. Crabb and K. Slifer (spokespersons) \emph{et al.}}",
TITLE="{A Measurement of $g_2^p$ and the Longitudinal-Transverse Spin Polarizability}",
YEAR="2008",
HOWPUBLISHED="Jefferson Lab Experiment E08-027"
}

@ARTICLE{Gasser1984,
AUTHOR="J. Gasser and H. Leutwyler",
TITLE="{Chiral Perturbation Theory to One Loop}",
JOURNAL="Annals. Phys.",
YEAR="1984",
VOLUME="158",
PAGES="142"
}

@ARTICLE{Gasser1985,
AUTHOR="J. Gasser and H. Leutwyler",
TITLE="{Chiral Perturbation Theory: Expansions in the Mass of the Strange Quark}",
JOURNAL="Phys. Lett. B",
YEAR="1985",
VOLUME="250",
PAGES="465"
}

@ARTICLE{Gellmann1954a,
AUTHOR="M. Gell-Mann and M. L. Goldberger and W. E. Thirring",
TITLE="{Use of Causality Conditions in Quantum Theory}",
JOURNAL="Phys. Rev.",
YEAR="1954",
VOLUME="95",
PAGES="1612"
}

@ARTICLE{Gellmann1954b,
AUTHOR="M. Gell-Mann and M. L. Goldberger",
TITLE="{Scattering of Low-Energy Photons by Particles of Spin $1/2$}",
JOURNAL="Phys. Rev.",
YEAR="1954",
VOLUME="96",
PAGES="1433"
}

@MISC{GEP,
AUTHOR="{J. Arrington, D. Day, R. Gilman, D. Higinbotham, G. Ron, A. Sarty (spokespersons) \emph{et al.}}",
TITLE="{Measurement of the Proton Elastic Form Factor Ratio at Low $Q^2$}",
YEAR="2008",
HOWPUBLISHED="Jefferson Lab Experiment E08-007"
}

@ARTICLE{Gerasimov1966,
AUTHOR="S. Gerasimov",
TITLE="{A Sum Rule for Magnetic Moments and the Damping of the Nucleon Magnetic Moment in Nuclei}",
JOURNAL="Sov. J. Nucl. Phys.",
YEAR="1966",
VOLUME="2",
PAGES="430"
}

@ARTICLE{Gerlach1922,
AUTHOR="W. Gerlach and O. Stern",
TITLE="{Der experimentelle Nachweis der Richtungsquantelung im Magnetfeld}",
JOURNAL="Z. Phys.",
YEAR="1922",
VOLUME="9",
PAGES="349"
}

@ARTICLE{Gilman1968,
AUTHOR="F. J. Gilman",
TITLE="{Kinematics and Saturation of the Sum Rules and Inequalities for Inelastic Electron-Nucleon Scattering}",
JOURNAL="Phys. Rev.",
YEAR="1968",
VOLUME="167",
PAGES="1365"
}

@ARTICLE{Goldman1975,
AUTHOR="M. Goldman",
TITLE="{Measurement of Dipolar Energy in Nuclear Spin Systems}",
JOURNAL="J. Magn. Reson.",
YEAR="1975",
VOLUME="17",
PAGES="393"
}

@ARTICLE{Goldstone1961,
AUTHOR="J. Goldstone",
TITLE="{Field theories with $\ll$Superconductor$gg$ solutions}",
JOURNAL="Nuovo Cim.",
YEAR="1961",
VOLUME="19",
PAGES="154"
}

@ARTICLE{Goldstone1962,
AUTHOR="J. Goldstone and A. Salam and S. Weinberg",
TITLE="{Broken Symmetries}",
JOURNAL="Phys. Rev.",
YEAR="1962",
VOLUME="127",
PAGES="965"
}

@ARTICLE{Gribov1972,
AUTHOR="V. N. Gribov and L. N. Lipatov",
TITLE="{Deep Inelastic ep Scattering in Perturbation Theory}",
JOURNAL="Sov. J. Nucl. Phys.",
YEAR="1972",
VOLUME="15",
PAGES="438"
}

@ARTICLE{Gross2011,
AUTHOR="F. Gross",
TITLE="{Making the Case for Jefferson Lab}",
JOURNAL="J. Phys. Conf. Ser.",
YEAR="2011",
VOLUME="299",
PAGES="012001"
}

@BOOK{Halzen1984,
AUTHOR="F. Halzen and A. D. Martin",
TITLE="{Quarks and Leptons: An Introductory Course in Modern Particle Physics}",
YEAR="1984",
PUBLISHER="John Wiley \& Sons"
}

@ARTICLE{Hand1963,
AUTHOR="L. N. Hand",
TITLE="{Experimental Investigation of Pion Electroproduction}",
JOURNAL="Phys. Rev.",
YEAR="1963",
VOLUME="129",
PAGES="1834"
}

@MISC{Hansen2015,
AUTHOR="O. Hansen",
TITLE="{Hall A C++ Analyzer Documentation}",
HOWPUBLISHED="\url{http://hallaweb.jlab.org/podd/doc/}"
}

@MANUAL{Hansknecht2007,
AUTHOR="J. Hansknecht",
TITLE="{Injector Laser Table Element Definitions}",
YEAR="2007",
ORGANIZATION="{Technical Note, Jefferson Lab}"
}

@ARTICLE{Hemmert1998,
AUTHOR="T. R. Hemmert and B. R. Holstein and J. Kambor",
TITLE="{Heavy Baryon Chiral Perturbation Theory with Light Deltas}",
JOURNAL="J. Phys. G",
YEAR="1998",
VOLUME="24",
PAGES="1831"
}

@MANUAL{Huang2014,
AUTHOR="M. Huang",
TITLE="{Central Scattering Angle Measurement}",
YEAR="2014",
ORGANIZATION="{E08-027 Technical Note, Jefferson Lab}"
}

@ARTICLE{Iddings1965,
AUTHOR="C. K. Iddings",
TITLE="{Structure of the Proton and the Hyperfine Shift in Hydrogen}",
JOURNAL="Phys. Rev.",
YEAR="1965",
VOLUME="138",
PAGES="B446"
}

@ARTICLE{Iodice1998,
AUTHOR="{M. Iodice \emph{et al.}}",
TITLE="{The CO${}_2$ Gas Cherenkov Detectors for the Jefferson Lab Hall-A Spectrometers}",
JOURNAL="Nucl. Instr. Meth. Phys. Res. A",
YEAR="1998",
VOLUME="411",
PAGES="223"
}

@ARTICLE{Jaffe1990,
AUTHOR="R. L. Jaffe",
TITLE="{$g_2$ - The Nucleon's Other Spin-Dependent Structure Function}",
JOURNAL="Comments Nucl. Part. Phys.",
YEAR="1990",
VOLUME="19",
PAGES="239"
}

@ARTICLE{Jaffe1991,
AUTHOR="R. L. Jaffe and X. D. Ji",
TITLE="{Studies of the Transverse Spin-Dependent Structure Function $g_2(x,Q^2)$}",
JOURNAL="Phys. Rev. D",
YEAR="1991",
VOLUME="43",
PAGES="724"
}

@ARTICLE{Jager1974,
AUTHOR="C. W. D. Jager and H. D. Vries and C. D. Vries",
TITLE="{Nuclear Charge- and Magnetization-Density-Distribution Parameters from Elastic Electron Scattering}",
JOURNAL="At. Data Nucl. Data Tables",
YEAR="1974",
VOLUME="14",
PAGES="479"
}

@ARTICLE{Jeffries1957,
AUTHOR="C. D. Jeffries",
TITLE="{Polarization of Nuclei by Resonance Saturation in Paramagnetic Crystals}",
JOURNAL="Phys. Rev.",
YEAR="1957",
VOLUME="106",
PAGES="164"
}

@ARTICLE{Jenkins1991a,
AUTHOR="E. Jenkins and A. V. Manohar",
TITLE="{Baryon Chiral Perturbation Theory Using a Heavy Fermion Lagrangian}",
JOURNAL="Phys. Lett. B",
YEAR="1991",
VOLUME="255",
PAGES="558"
}

@ARTICLE{Jenkins1991b,
AUTHOR="E. Jenkins and A. V. Manohar",
TITLE="{Chiral Corrections to the Baryon Axial Currents}",
JOURNAL="Phys. Lett. B",
YEAR="1991",
VOLUME="259",
PAGES="353"
}

@ARTICLE{Ji2000,
AUTHOR="X. D. Ji and C. W. Kao and J. Osborne",
TITLE="{Generalized Drell-Hearn-Gerasimov Sum Rule at Order $\mathcal{O}(p^4)$ in Chiral Perturbation Theory}",
JOURNAL="Phys. Lett. B",
YEAR="2000",
VOLUME="472",
PAGES="1"
}

@ARTICLE{Kao2003,
AUTHOR="C. W. Kao and T. Spitzenberg and M. Vanderhaeghen",
TITLE="{Burkhardt-Cottingham Sum Rule and Forward Spin Polarizabilities in Heavy Baryon Chiral Perturbation Theory}",
JOURNAL="Phys. Rev. D",
YEAR="2003",
VOLUME="67",
PAGES="016001"
}

@ARTICLE{Kendall1991,
AUTHOR="H. W. Kendall",
TITLE="{Deep Inelastic Scattering: Experiments on the Proton and the Observation of Scaling}",
JOURNAL="Rev. Mod. Phys.",
YEAR="1991",
VOLUME="63",
PAGES="597"
}

@ARTICLE{Kramer2005,
AUTHOR="{K. Kramer \emph{et al.}}",
TITLE="{$Q^2$ Dependence of the Neutron Spin Structure Function $g_2^n$ at Low $Q^2$}",
JOURNAL="Phys. Rev. Lett.",
YEAR="2005",
VOLUME="95",
PAGES="142002"
}

@ARTICLE{Kubis2001,
AUTHOR="G. Kubis and U. G. Meissner",
TITLE="{Low-energy Analysis of the Nucleon Electromagnetic Form Factors}",
JOURNAL="Nucl. Phys. A",
YEAR="2001",
VOLUME="679",
PAGES="698"
}

@ARTICLE{Kuhn2009,
AUTHOR="S.E. Kuhn and J. P. Chen and E. Leader",
TITLE="{Spin Structure of the Nucleon $-$ Status and Recent Results}",
JOURNAL="Prog. Part. Nucl. Phys.",
YEAR="2009",
VOLUME="63",
PAGES="1"
}

@ARTICLE{Lapidus1963,
AUTHOR="L. I. Lapidus",
TITLE="{Scattering of Gamma Quanta and Polarizability of Nuclei and Nucleons}",
JOURNAL="Sov. Phys. JETP",
YEAR="1963",
VOLUME="16",
PAGES="964"
}

@ARTICLE{Larin1991,
AUTHOR="S. A. Larin and J. A. M. Vermaseren",
TITLE="{The $\alpha_s^3$ Corrections to the Bjorken Sum Rule for Polarized Electroproduction and to the Gross-Llewellyn Smith Sum Rule}",
JOURNAL="Phys. Lett. B",
YEAR="1991",
VOLUME="259",
PAGES="345"
}

@BOOK{Leader1996,
AUTHOR="E. Leader and E. Predazzi",
TITLE="{An Introduction to Gauge Theories and Modern Particle Physics}",
YEAR="1996",
PUBLISHER="Cambridge University Press"
}

@ARTICLE{Lensky2014,
AUTHOR="V. Lensky and J. M. Alarcon and V. Pascalutsa",
TITLE="{Moments of Nucleon Structure Functions at Next-to-leading Order in Baryon Chiral Perturbation Theory}",
JOURNAL="Phys. Rev. C",
YEAR="2014",
VOLUME="90",
PAGES="055202"
}

@BOOK{Leo1994,
AUTHOR="W. R. Leo",
TITLE="{Techniques for Nuclear and Particle Physics Experiments: A How-to Approach}",
YEAR="1994",
PUBLISHER="Springer-Verlag"
}

@ARTICLE{Lightbody1988,
AUTHOR="{J. W. Lightbody, Jr. and J. S. O'Connell}",
TITLE="{Modeling Single Arm Electron Scattering and Nucleon Production from Nuclei by GeV Electronsb}",
JOURNAL="Comput. Phys.",
YEAR="1988",
VOLUME="2",
PAGES="57"
}

@MANUAL{Liu2013,
AUTHOR="J. Liu",
TITLE="{VDC Multi-track Efficiency Study for E08-027}",
YEAR="2013",
ORGANIZATION="{E08-027 Technical Note, Jefferson Lab}"
}

@MANUAL{Liu2015,
AUTHOR="J. Liu",
TITLE="{Radiation Effects in Simulation}",
YEAR="2015",
ORGANIZATION="{E08-027 Technical Note, Jefferson Lab}"
}

@MANUAL{Liyanage2002,
AUTHOR="N. K. Liyanage",
TITLE="{Optics Calibration of the Hall A High Resolution Spectrometers Using the New Optimizer}",
YEAR="2002",
ORGANIZATION="{Technical Note, Jefferson Lab}"
}

@MANUAL{Liyanage2011,
AUTHOR="N. K. Liyanage and K. Saenboonruang and R. Michaels",
TITLE="{$Q^2$ Measurement for PREX}",
YEAR="2011",
ORGANIZATION="{E06-002 Technical Note, Jefferson Lab}"
}

@ARTICLE{Low1954,
AUTHOR="F. E. Low",
TITLE="{Scattering of Light of Very Low Frequency by Systems of Spin $1/2$}",
JOURNAL="Phys. Rev.",
YEAR="1954",
VOLUME="96",
PAGES="1428"
}

@ARTICLE{Manohar1992,
AUTHOR="A. V. Manohar",
TITLE="{An Introduction to Spin Dependent Deep Inelastic Scattering}",
YEAR="1992",
JOURNAL="{arXiv:hep-ph/9204208}"
}

@ARTICLE{Marciano1978,
AUTHOR="W. Marciano and H. Pagels",
TITLE="{Quantum chromodynamics}",
JOURNAL="Phys. Rept.",
YEAR="1978",
VOLUME="36",
PAGES="137"
}

@MANUAL{Michaels2010,
AUTHOR="R. Michaels",
TITLE="{Schematic of Electronics for Helicity Info in Hall A HRS during QWEAK}",
YEAR="2010",
ORGANIZATION="{Technical Note, Jefferson Lab}"
}

@ARTICLE{Mo1969,
AUTHOR="L. W. Mo and Y. S. Tsai",
TITLE="{Radiative Corrections to Elastic and Inelastic $ep$ and $\mu p$ Scattering}",
JOURNAL="Rev. Mod. Phys.",
YEAR="1969",
VOLUME="41",
PAGES="205"
}

@MISC{MOLLER,
HOWPUBLISHED="\url{http://hallaweb.jlab.org/equipment/moller/}"
}

@MISC{MOLLERG2P,
TITLE="{M{\o}ller Measurements for E08-027 (g2p) and E08-007}",
HOWPUBLISHED="\url{http://hallaweb.jlab.org/equipment/moller/e08-027.html}"
}

@MANUAL{Musson2012,
AUTHOR="J. Musson",
TITLE="{Functional Description of Algorithms Used in Digital Receivers}",
YEAR="2012",
ORGANIZATION="{Technical Note, Jefferson Lab}"
}

@ARTICLE{Nazaryan2006,
AUTHOR="V. Nazaryan and C. E. Carlson and K. A. Griffioen",
TITLE="{Experimental Constraints on Polarizability Corrections to Hydrogen Hyperfine Structure}",
JOURNAL="Phys. Rev. Lett.",
YEAR="2006",
VOLUME="96",
PAGES="163001"
}

@ARTICLE{Olive2014,
AUTHOR="{K.A. Olive \emph{et al.}, Particle Data Group}",
TITLE="{2014 Review of Particle Physics}",
JOURNAL="Chin. Phys. C",
YEAR="2014",
VOLUME="38",
PAGES="090001"
}

@ARTICLE{Olmos2001,
AUTHOR="{V. Olmos de Leon \emph{et al.}}",
TITLE="{Low-Energy Compton Scattering and the Polarizabilities of the Proton}",
JOURNAL="Eur. Phys. J. A",
YEAR="2001",
VOLUME="10",
PAGES="207"
}

@MISC{OPTICSWIKI,
HOWPUBLISHED="\url{https://hallaweb.jlab.org/wiki/index.php?title=G2p_optics}"
}

@ARTICLE{Overhauser1953,
AUTHOR="A. W. Overhauser",
TITLE="{Polarization of Nuclei in Metals}",
JOURNAL="Phys. Rev.",
YEAR="1953",
VOLUME="92",
PAGES="411"
}

@ARTICLE{Pierce2014,
AUTHOR="{J. Pierce \emph{et al.}}",
TITLE="{Dynamically Polarized Target for the $g_2^p$ and $G_E^p$ Experiments at Jefferson Lab}",
JOURNAL="Nucl. Instrum. Meth. A",
YEAR="2014",
VOLUME="738",
PAGES="54"
}

@MANUAL{Piot2005,
AUTHOR="P. Piot",
TITLE="{Evaluation and Correction of Nonlinear Effects in FNPL Beam Position Monitors}",
YEAR="2005",
ORGANIZATION="{Technical Note, FNAL}"
}

@ARTICLE{Prok2009,
AUTHOR="{Y. Prok \emph{et al.}, CLAS Collaboration}",
TITLE="{Moments of the Spin Structure Functions $g_1^p$ and $g_1^d$ for $0.05<Q^2<3.0$ GeV${}^2$}",
JOURNAL="Phys. Lett. B",
YEAR="2009",
VOLUME="672",
PAGES="12"
}

@PHDTHESIS{Qiang2007,
AUTHOR="Y. Qiang",
TITLE="{Search for Pentaquark Partners $\Theta^{++}$, $\Sigma^0$ and $N^0$ in H(e,e'K($\pi$))X Reactions at Jefferson Lab Hall A}",
YEAR="2007",
SCHOOL="Massachusetts Institute of Technology"
}

@MISC{ROOT,
TITLE="{ROOT User's Guide}",
HOWPUBLISHED="\url{https://root.cern.ch/guides/users-guide/}"
}

@ARTICLE{Scherer2003,
AUTHOR="S. Scherer",
TITLE="{Introduction to Chiral Perturbation Theory}",
JOURNAL="Adv. Nucl. Phys.",
YEAR="2003",
VOLUME="27",
PAGES="277"
}

@PHDTHESIS{Slifer2004,
AUTHOR="K. J. Slifer",
TITLE="{Spin Structure of ${\ }^3$He and the Neutron at Low $Q^2$: A Measurement of the Extended GDH Integrand and the Burkhardt-Cottingham Sum Rule}",
YEAR="2004",
SCHOOL="Temple University"
}

@ARTICLE{Song1996,
AUTHOR="X. Song",
TITLE="{Polarized Structure Function $g_2$ in the C.M. Bag Model}",
JOURNAL="Phys. Rev. D",
YEAR="1996",
VOLUME="54",
PAGES="1955"
}

@ARTICLE{Stratmann1993,
AUTHOR="M. Stratmann",
TITLE="{Bag Model Predictions for Polarized Structure Functions and Their $Q^2$-Evolutions}",
JOURNAL="Z. Phys. C Part. Fields",
YEAR="1993",
VOLUME="60",
PAGES="763"
}

@MANUAL{Sulkosky2005,
AUTHOR="V. Sulkosky",
TITLE="{Spectrometer Optics Calibration for E97-110}",
YEAR="2005",
ORGANIZATION="{E97-110 Technical Note, Jefferson Lab}"
}

@PHDTHESIS{Sulkosky2007,
AUTHOR="V. Sulkosky",
TITLE="{The Spin Structure of ${\ }^3$He and the Neutron at Low $Q^2$: A Measurement of the Generalized GDH Integrand}",
YEAR="2007",
SCHOOL="The College of William and Mary"
}

@MISC{SurveyA1453,
TITLE="{Survey Report A1453}",
HOWPUBLISHED="\url{https://www.jlab.org/accel/survalign/documents/dthalla.htm}"
}

@MISC{SurveyA1465,
TITLE="{Survey Report A1465}",
HOWPUBLISHED="\url{https://www.jlab.org/accel/survalign/documents/dthalla.htm}"
}

@BOOK{Thomas2001,
AUTHOR="A. W. Thomas and W. Weise",
TITLE="{The Structure of the Nucleon}",
YEAR="2001",
PUBLISHER="Wiley-Vch, Berlin"
}

@ARTICLE{Tonnison1998,
AUTHOR="{J. Tonnison \emph{et al.}}",
TITLE="{First Extraction of a Spin Polarizability of the Proton}",
JOURNAL="Phys. Rev. Lett.",
YEAR="1998",
VOLUME="80",
PAGES="4382"
}

@ARTICLE{Vafa1984,
AUTHOR="C. Vafa and E. Witten",
TITLE="{Restrictions on Symmetry Breaking in Vector-Like Gauge Theories}",
JOURNAL="Nucl. Phys. B",
YEAR="1984",
VOLUME="234",
PAGES="173"
}

@ARTICLE{Venkat2011,
AUTHOR="S. Venkat and J. Arrington and G. A. Miller and X. H. Zhan",
TITLE="{Realistic Transverse Images of the Proton Charge and Magnetization Densities}",
JOURNAL="Phys. Rev. C",
YEAR="2011",
VOLUME="83",
PAGES="015203"
}

@ARTICLE{Wakamatsu2000,
AUTHOR="M. Wakamatsu",
TITLE="{Polarized Structure Function $g_2(x)$ in the Chiral Quark Soliton Model}",
JOURNAL="Phys. Lett. B",
YEAR="2000",
VOLUME="487",
PAGES="118"
}

@ARTICLE{Wandzura1977,
AUTHOR="S. Wandzura and F. Wilczek",
TITLE="{Sum Rules for Spin-Dependent Electroproduction - Test of Relativistic Constituent Quarks}",
JOURNAL="Phys. Lett. B",
YEAR="1977",
VOLUME="72",
PAGES="195"
}

@ARTICLE{Weigel2001,
AUTHOR="H. Weigel and L. Gamberg",
TITLE="{Hadron Structure Functions within a Chiral Quark Model}",
JOURNAL="Nucl. Phys. A",
YEAR="2001",
VOLUME="680",
PAGES="48"
}

@ARTICLE{Weinberg1979,
AUTHOR="S. Weinberg",
TITLE="{Phenomenological Lagrangians}",
JOURNAL="Physica A",
YEAR="1979",
VOLUME="96",
PAGES="327"
}

@ARTICLE{Wesselmann2007,
AUTHOR="{F. R. Wesselmann \emph{et al.}, RSS Collaboration}",
TITLE="{Proton Spin Structure in the Resonance Region}",
JOURNAL="Phys. Rev. Lett.",
YEAR="2007",
VOLUME="98",
PAGES="132003"
}

@ARTICLE{Wilson1969,
AUTHOR="K. G. Wilson",
TITLE="{Non-Lagrangian Models of Current Algebra}",
JOURNAL="Phys. Rev.",
YEAR="1969",
VOLUME="179",
PAGES="1499"
}

@ARTICLE{Yan1995,
AUTHOR="{C. Yan, P. Adderley, D. Barker \emph {et al.}}",
TITLE="{Superharp: A Wire Scanner with Absolute Position Readout for Beam Energy Measurement at CEBAF}",
JOURNAL="Nucl. Instr. Meth. Phys. Res. A",
YEAR="1995",
VOLUME="365",
PAGES="261"
}

@MANUAL{Yan2005,
AUTHOR="C. Yan",
TITLE="{Hall C Polarized Target Raster System Upgrade}",
YEAR="2005",
ORGANIZATION="{Technical Note, Jefferson Lab}"
}

@ARTICLE{Yun2003,
AUTHOR="{J. Yun \emph{et al.}, CLAS Collaboration}",
TITLE="{Measurement of Inclusive Spin Structure Functions of the Deuteron}",
JOURNAL="Phys. Rev. C",
YEAR="2003",
VOLUME="67",
PAGES="055204"
}

@PHDTHESIS{Zheng2002,
AUTHOR="X. Zheng",
TITLE="{Precision Measurement of the Neutron Spin Asymmetry $A_1^n$ at Large $x_{Bj}$ Using CEBAF at 5.7 GeV}",
YEAR="2002",
SCHOOL="Massachusetts Institute of Technology"
}

@ARTICLE{Zheng2004,
AUTHOR="{X. Zheng \emph{et al.}, Jefferson Lab Hall A Collaboration}",
TITLE="{Precision Measurement of the Neutron Spin Asymmetries and Spin-Dependent Structure Functions in the Valence Quark Region}",
JOURNAL="Phys. Rev. C",
YEAR="2004",
VOLUME="70",
PAGES="065207"
}

@MANUAL{Zhu2014,
AUTHOR="P. Zhu",
TITLE="{Beam Position Reconstruction for g2p Experiment in Hall A at Jefferson Lab}",
YEAR="2014",
ORGANIZATION="{E08-027 Technical Note, Jefferson Lab}"
}

@MANUAL{Zhu2015,
AUTHOR="P. Zhu",
TITLE="{Beam Charge Measurement for g2p Experiment}",
YEAR="2015",
ORGANIZATION="{E08-027 Technical Note, Jefferson Lab}"
}

@ARTICLE{Zhu2016,
AUTHOR="{P. Zhu \emph{et al.}}",
TITLE="{Beam Position Reconstruction for g2p Experiment in Hall A at Jefferson Lab}",
JOURNAL="Nucl. Instr. Meth. Phys. Res. A",
YEAR="2016",
VOLUME="808",
PAGES="1"
}

@MANUAL{Zielinski2014a,
AUTHOR="R. Zielinski",
TITLE="{Determining the Trigger Efficiency for E08-027}",
YEAR="2014",
ORGANIZATION="{E08-027 Technical Note, Jefferson Lab}"
}

@MANUAL{Zielinski2014b,
AUTHOR="R. Zielinski",
TITLE="{Unpolarized Radiative Corrections}",
YEAR="2014",
ORGANIZATION="{E08-027 Technical Note, Jefferson Lab}"
}